@Book{wang,
 author = {Christiane Gresse Von Wangenheim and Aldo Von Wangenheim},
 title = {Racioc√≠nio Baseado em Casos},
 publisher = {Manole},
 year = {2003},
 address = {Curitiba}
}

@Misc{Io02,
  Author         = {{Insecure org}},
  Title          = {The {N}etwork {E}xplotation {T}ool and {S}ecurity
                   {S}canner},
  HowPublished   = {URL: http://www.insecure.org/nmap},
  Note           = {Last Visited: 22/07/2002},
  year           = 2002,
}